<record><leader>00000cas a22000007a 4500</leader><controlfield tag="001">15960665</controlfield><controlfield tag="008">870615d19221931iaudn ne      0    0eng d</controlfield><datafield ind1=" " ind2=" " tag="010"><subfield code="a">sn 87058291 </subfield></datafield><datafield ind1=" " ind2=" " tag="040"><subfield code="a">INP</subfield><subfield code="b">eng</subfield><subfield code="c">INP</subfield><subfield code="d">OCLCQ</subfield></datafield><datafield ind1=" " ind2=" " tag="042"><subfield code="a">msc</subfield></datafield><datafield ind1="0" ind2=" " tag="130"><subfield code="a">Waterloo tribune (Waterloo, Iowa : 1922)</subfield></datafield><datafield ind1="1" ind2="4" tag="245"><subfield code="a">The Waterloo tribune.</subfield></datafield><datafield ind1=" " ind2=" " tag="260"><subfield code="a">Waterloo, Iowa :</subfield><subfield code="b">Waterloo Times-Tribune Co.,</subfield><subfield code="c">1922-1931.</subfield></datafield><datafield ind1=" " ind2=" " tag="300"><subfield code="a">v.</subfield></datafield><datafield ind1=" " ind2=" " tag="310"><subfield code="a">Daily (except Monday)</subfield></datafield><datafield ind1="0" ind2=" " tag="362"><subfield code="a">Apr. 4, 1922-Feb. 19, 1931.</subfield></datafield><datafield ind1=" " ind2=" " tag="752"><subfield code="a">United States</subfield><subfield code="b">Iowa</subfield><subfield code="c">Black Hawk</subfield><subfield code="d">Waterloo.</subfield></datafield><datafield ind1="0" ind2="0" tag="780"><subfield code="t">Waterloo times-tribune (Waterloo, Iowa : 1907)</subfield><subfield code="w">(DLC)sn 87058290</subfield></datafield><datafield ind1="0" ind2="7" tag="785"><subfield code="t">Waterloo daily courier (Waterloo, Iowa : 1929)</subfield><subfield code="w">(DLC)sn 87058313</subfield></datafield><datafield ind1="0" ind2="7" tag="785"><subfield code="t">Waterloo daily courier combined with the Waterloo tribune</subfield><subfield code="w">(DLC)sn 87058314</subfield></datafield></record>